@article{beauquier2002arbitrary,
  title={On arbitrary size Waksman networks and their vulnerability},
  author={Beauquier, Bruno and Darrot, E},
  journal={Parallel Processing Letters},
  volume={12},
  number={03n04},
  pages={287--296},
  year={2002},
  publisher={World Scientific}
}
@inproceedings{parno2013pinocchio,
  title={Pinocchio: Nearly practical verifiable computation},
  author={Parno, Bryan and Howell, Jon and Gentry, Craig and Raykova, Mariana},
  booktitle={2013 IEEE Symposium on Security and Privacy},
  pages={238--252},
  year={2013},
  organization={IEEE}
}
